<collection xmlns="http://www.loc.gov/MARC21/slim">
<record>
  <leader>01514nam0a22002891i 450 </leader>
  <controlfield tag="001">IT\ICCU\CNCE\054844</controlfield>
  <controlfield tag="005">20100401000000.0</controlfield>
  <datafield tag="012" ind1=" " ind2=" ">
    <subfield code="a">n-ud m,io *,ru usus (C) 1538 (Q)</subfield>
    <subfield code="2">fei</subfield>
  </datafield>
  <datafield tag="100" ind1=" " ind2=" ">
    <subfield code="a">20031125f1538        0itac0103    ba</subfield>
  </datafield>
  <datafield tag="101" ind1=" " ind2=" ">
    <subfield code="a">ITA</subfield>
  </datafield>
  <datafield tag="102" ind1=" " ind2=" ">
    <subfield code="a">IT</subfield>
  </datafield>
  <datafield tag="200" ind1="1" ind2=" ">
    <subfield code="a">Oratio Corradi Viualdi Sophiae vtriusque iurisconsulti ciuis Genuensis Placentiae habita in sacro consistorio apostolico coram sanctissimo domino nostro Paulo III pontifice maximo foeliciter incipit</subfield>
  </datafield>
  <datafield tag="210" ind1=" " ind2=" ">
    <subfield code="d">\1538?!</subfield>
  </datafield>
  <datafield tag="215" ind1=" " ind2=" ">
    <subfield code="a">\8! c.</subfield>
    <subfield code="c">ill.</subfield>
    <subfield code="d">4ʻ</subfield>
  </datafield>
  <datafield tag="300" ind1=" " ind2=" ">
    <subfield code="a">Il titolo si ricava da c. A2r. - Stampata a Genova da Antonio Bellone; cfr.: O. Cartaregia, Per un censimento delle edizioni uscite dall&apos;officina tipografica della famiglia Bellone, p. 25, n. 16. - La data si ricava dal testo</subfield>
  </datafield>
  <datafield tag="620" ind1=" " ind2=" ">
    <subfield code="a">IT</subfield>
    <subfield code="d">Genova</subfield>
  </datafield>
  <datafield tag="700" ind1=" " ind2="1">
    <subfield code="a">Soffia,</subfield>
    <subfield code="b">Conrado Vivaldo</subfield>
    <subfield code="3">IT\ICCU\CNCA\017074</subfield>
  </datafield>
  <datafield tag="712" ind1="0" ind2="0">
    <subfield code="a">Bellone, Antonio</subfield>
    <subfield code="3">IT\ICCU\CNCT\000236</subfield>
    <subfield code="4">650</subfield>
  </datafield>
  <datafield tag="790" ind1=" " ind2="1">
    <subfield code="a">Sophia,</subfield>
    <subfield code="b">Corradus Vivaldus</subfield>
    <subfield code="3">IT\ICCU\CNCA\024087</subfield>
    <subfield code="z">Soffia, Conrado Vivaldo</subfield>
  </datafield>
  <datafield tag="790" ind1=" " ind2="0">
    <subfield code="a">Sophia</subfield>
    <subfield code="3">IT\ICCU\CNCA\024088</subfield>
    <subfield code="z">Soffia, Conrado Vivaldo</subfield>
  </datafield>
  <datafield tag="791" ind1="0" ind2="0">
    <subfield code="a">Bellono, Antonio</subfield>
    <subfield code="3">IT\ICCU\CNCT\004315</subfield>
    <subfield code="z">Bellone, Antonio</subfield>
  </datafield>
  <datafield tag="791" ind1="0" ind2="0">
    <subfield code="a">Bellonis, Antonio de</subfield>
    <subfield code="3">IT\ICCU\CNCT\004316</subfield>
    <subfield code="z">Bellone, Antonio</subfield>
  </datafield>
  <datafield tag="791" ind1="0" ind2="0">
    <subfield code="a">Bellonus, Antonius</subfield>
    <subfield code="3">IT\ICCU\CNCT\004317</subfield>
    <subfield code="z">Bellone, Antonio</subfield>
  </datafield>
  <datafield tag="791" ind1="0" ind2="0">
    <subfield code="a">Belonus, Antonius</subfield>
    <subfield code="3">IT\ICCU\CNCT\004318</subfield>
    <subfield code="z">Bellone, Antonio</subfield>
  </datafield>
  <datafield tag="801" ind1=" " ind2="3">
    <subfield code="a">IT</subfield>
    <subfield code="b">ICCU</subfield>
    <subfield code="c">20201115</subfield>
  </datafield>
  <datafield tag="899" ind1=" " ind2=" ">
    <subfield code="a">Biblioteca Apostolica Vaticana. Citt ̉del Vaticano</subfield>
    <subfield code="1">EX0001</subfield>
    <subfield code="2">ZCV 01</subfield>
  </datafield>
  <datafield tag="899" ind1=" " ind2=" ">
    <subfield code="a">British Library. London</subfield>
    <subfield code="1">UK0001</subfield>
  </datafield>
</record>
</collection>
